%% This BibTeX bibliography file was created using BibDesk.
%% http://bibdesk.sourceforge.net/


%% Created for Jason Ermer at 2014-06-15 09:52:49 +0200 


%% Saved with string encoding Unicode (UTF-8) 



@book{ExtendingFrontiers,
	Author = {Edward B. Burger},
	Date-Added = {2014-06-15 07:50:36 +0000},
	Date-Modified = {2014-06-15 07:52:28 +0000},
	Publisher = {Key College Publishing},
	Title = {Extending the frontiers of mathematics: Inquiries into proof and argumentation},
	Year = {2007}}

@book{FiftyProbProbs,
	Author = {Frederick Mosteller},
	Date-Added = {2014-04-16 09:47:03 +0000},
	Date-Modified = {2014-04-16 09:48:29 +0000},
	Publisher = {Dover Publications},
	Title = {Fifty challenging problems in probability with solutions},
	Year = {1965}}

@book{TeachMathProbSolve,
	Date-Added = {2014-04-16 09:44:31 +0000},
	Date-Modified = {2014-04-16 09:46:59 +0000},
	Editor = {Harold L. Schoen},
	Publisher = {National Council of Teachers of Mathematics},
	Title = {Teaching mathematics through problem solving: Grades 6-12},
	Year = {2006}}

@book{ArtProbSolve1,
	Author = {Sandor Lehoczky and Richard Rusczyk},
	Date-Added = {2014-03-19 16:32:43 +0000},
	Date-Modified = {2014-03-19 16:33:17 +0000},
	Publisher = {AoPS Incorporated},
	Title = {The Art of Problem Solving, Vol. 1: The Basics},
	Year = {2006}}

@book{ArtProbSolve2,
	Author = {Richard Rusczyk and Sandor Lehoczky},
	Date-Added = {2014-03-19 16:30:40 +0000},
	Date-Modified = {2014-03-19 16:32:38 +0000},
	Publisher = {AoPS Incorporated},
	Title = {The Art of Problem Solving, Vol. 2: And Beyond},
	Year = {2006}}

@book{AlgStructureMethod1,
	Author = {Richard G. Brown and Mary P. Dolciani and Robert H. Sorgenfrey and William L. Cole},
	Date-Added = {2014-03-19 16:29:02 +0000},
	Date-Modified = {2014-04-16 09:55:22 +0000},
	Publisher = {McDougal Littell},
	Title = {Algebra: Structure and Method, Book 1},
	Year = {2000}}

@book{AlgTrigStructureMethod2,
	Author = {Richard G. Brown and Mary P. Dolciani and Robert H. Sorgenfrey and Robert B. Kane},
	Date-Added = {2014-03-19 16:28:23 +0000},
	Date-Modified = {2014-04-16 09:57:20 +0000},
	Publisher = {McDougal Littell},
	Title = {Algebra and Trigonometry: Structure and Method, Book 2},
	Year = {1999}}

@book{AlgTrigLarsonHostetler,
	Author = {Ron Larson and Robert P. Hostetler},
	Date-Added = {2014-03-19 16:26:46 +0000},
	Date-Modified = {2014-03-19 16:27:31 +0000},
	Publisher = {Cengage Learning},
	Title = {Algebra and Trigonometry},
	Year = {2003}}

@book{AlgTrigForester,
	Author = {Paul A. Foerster},
	Date-Added = {2014-03-19 16:25:01 +0000},
	Date-Modified = {2014-03-19 16:26:05 +0000},
	Publisher = {Addison-Wesley},
	Title = {Algebra and Trigonometry: Functions and Applications},
	Year = {2005}}

@book{OneStepBeyond,
	Author = {Reuben Schadler},
	Date-Added = {2014-03-19 16:23:13 +0000},
	Date-Modified = {2014-03-19 16:23:57 +0000},
	Publisher = {Pearson Learning},
	Title = {Algebra Problems: One Step Beyond},
	Year = {1990}}

@book{MakeItSimpler,
	Author = {Carol Meyer and Tom Sallee},
	Date-Added = {2014-03-19 16:21:58 +0000},
	Date-Modified = {2014-03-19 16:24:25 +0000},
	Publisher = {Dale Seymour Publications},
	Title = {Make it simpler},
	Year = {1983}}

@book{ChallengingProbsAlg,
	Author = {Alfred S. Posamentier and Charles T. Salkind},
	Date-Added = {2014-03-19 16:20:22 +0000},
	Date-Modified = {2014-03-19 16:24:10 +0000},
	Publisher = {Dover Publications},
	Title = {Challenging problems in algebra},
	Year = {1996}}

@book{MathPuzzles,
	Author = {Peter Winkler},
	Date-Added = {2014-03-19 16:19:07 +0000},
	Date-Modified = {2014-06-15 07:52:40 +0000},
	Publisher = {A K Peters/CRC Press},
	Title = {Mathematical puzzles: A Connoisseur's Collection},
	Year = {2003}}

@book{PlottingPics,
	Author = {Paula Rozell},
	Date-Added = {2014-03-19 16:17:56 +0000},
	Date-Modified = {2014-03-19 16:18:18 +0000},
	Publisher = {Pearson Education},
	Title = {Plotting Pictures: Coordinate Graphing and Number Skills Practice, Grades 5-10},
	Year = {1995}}

@book{CrossingRiverDogs,
	Author = {Ken Johnson and Ted Herr},
	Date-Added = {2014-03-19 16:16:28 +0000},
	Date-Modified = {2014-03-19 16:17:19 +0000},
	Publisher = {Key Curriculum Press},
	Title = {Problem Solving Strategies: Crossing the River with Dogs and Other Mathematical Adventures},
	Year = {2001}}

@book{MathVeryShortIntro,
	Author = {Timothy Gowers},
	Date-Added = {2014-03-19 16:12:02 +0000},
	Date-Modified = {2014-03-19 16:12:50 +0000},
	Publisher = {Oxford University Press},
	Title = {Mathematics: A very short introduction},
	Year = {2002}}

@book{HeartofMathematics,
	Author = {Edward B. Burger and Michael Starbird},
	Date-Added = {2014-03-19 16:10:35 +0000},
	Date-Modified = {2014-03-19 16:11:29 +0000},
	Publisher = {Key Curriculum Press},
	Title = {The heart of mathematics: An invitation to effective thinking},
	Year = {2000}}

@book{ArtCraftProblemSolving,
	Author = {Paul Zeitz},
	Date-Added = {2014-03-19 16:08:03 +0000},
	Date-Modified = {2014-03-19 16:09:53 +0000},
	Publisher = {John Wiley and Sons},
	Title = {The art and craft of problem solving},
	Year = {2007}}

@book{MoscowMathCircle,
	Author = {Sergey Dorichenko},
	Date-Added = {2014-03-19 16:03:51 +0000},
	Date-Modified = {2014-03-19 16:07:50 +0000},
	Publisher = {American Mathematical Society},
	Title = {A {M}oscow math circle: Week-by-week problem sets},
	Year = {2011}}

@book{DiscoveringAlgebra,
	Author = {Jerald Murdock and Ellen Kamischke and Eric Kamischke},
	Date-Added = {2014-03-19 16:02:23 +0000},
	Date-Modified = {2014-03-19 16:02:23 +0000},
	Publisher = {Key Curriculum Press},
	Title = {Discovering algebra: An investigative approach},
	Year = {2007}}

@book{DiscoveringGeometry,
	Author = {Michael Serra},
	Date-Added = {2014-03-19 16:01:39 +0000},
	Date-Modified = {2014-03-19 16:24:18 +0000},
	Publisher = {Key Curriculum Press},
	Title = {Discovering geometry: An investigative approach},
	Year = {2003}}

@book{DiscoveringAdvancedAlgebra,
	Author = {Jerald Murdock and Ellen Kamischke and Eric Kamischke},
	Date-Added = {2014-03-19 15:55:03 +0000},
	Date-Modified = {2014-03-19 16:02:04 +0000},
	Publisher = {Key Curriculum Press},
	Title = {Discovering advanced algebra: An investigative approach},
	Year = {2004}}
